@Misc{temp1,
  author       = "School of Computing, Tokyo Institute of Technology",
  title        = "日本語 Japanese jlreq",
  howpublished = "\url{https://www.overleaf.com/latex/templates/ri-ben-yu-japanese-jlreq/jjkkyvjjvvgk}"
}

@Misc{temp2,
  author       = "Karla Hernandez",
  title        = "Homework Template",
  howpublished = "\url{https://www.overleaf.com/latex/templates/homework-template/khchspfytnxz}"
}

@Misc{noto-sans,
  author       = "dora\TeX ",
  title        = "Overleaf + XeLaTeX + Noto CJK JP フォントによる和文多書体の実現",
  howpublished      = "\TeX Alchemist Online",
  note= "\url{https://www.overleaf.com/latex/templates/homework-template/khchspfytnxz}"
}

@Misc{yamasann,
  author       = "山本昌志",
  title        = "LaTeX",
  howpublished      = "Yamamoto's Laboratory",
  note= "\url{http://www.yamamo10.jp/yamamoto/index.html}"
}